<record><leader>00000cas a2200000 a 4500</leader><controlfield tag="001">12932751</controlfield><controlfield tag="008">851219d18911934ksuwr ne      0    0eng d</controlfield><datafield ind1=" " ind2=" " tag="010"><subfield code="a">sn 85067254 </subfield></datafield><datafield ind1=" " ind2=" " tag="040"><subfield code="a">KSH</subfield><subfield code="b">eng</subfield><subfield code="c">KSH</subfield><subfield code="d">NPT</subfield><subfield code="d">OCL</subfield><subfield code="d">OCLCQ</subfield></datafield><datafield ind1=" " ind2=" " tag="042"><subfield code="a">msc</subfield></datafield><datafield ind1="0" ind2=" " tag="130"><subfield code="a">Neosho Falls post (Neosho Falls, Kan. : 1891)</subfield></datafield><datafield ind1="1" ind2="4" tag="245"><subfield code="a">The Neosho Falls post.</subfield></datafield><datafield ind1=" " ind2=" " tag="260"><subfield code="a">Neosho Falls, Kan. :</subfield><subfield code="b">J.N. Stout,</subfield><subfield code="c">1891-1934.</subfield></datafield><datafield ind1=" " ind2=" " tag="300"><subfield code="a">45 v. :</subfield><subfield code="b">ill. ;</subfield><subfield code="c">51-65 cm.</subfield></datafield><datafield ind1=" " ind2=" " tag="310"><subfield code="a">Weekly</subfield></datafield><datafield ind1="0" ind2=" " tag="362"><subfield code="a">Vol. 18, no. 36 (Jan. 2, 1891)-v. 63, no. 39 (May 31, 1934).</subfield></datafield><datafield ind1=" " ind2=" " tag="500"><subfield code="a">Publisher varies.</subfield></datafield><datafield ind1=" " ind2=" " tag="500"><subfield code="a">Republican.</subfield></datafield><datafield ind1=" " ind2=" " tag="752"><subfield code="a">United States</subfield><subfield code="b">Kansas</subfield><subfield code="c">Woodson</subfield><subfield code="d">Neosho Falls.</subfield></datafield><datafield ind1="0" ind2="0" tag="780"><subfield code="t">Post (Neosho Falls, Kan.)</subfield><subfield code="w">(DLC)sn 85067253</subfield></datafield><datafield ind1="0" ind2="0" tag="785"><subfield code="t">Woodson County post and the Neosho Falls post</subfield><subfield code="w">(DLC)sn 85067313</subfield></datafield><datafield ind1="1" ind2=" " tag="029"><subfield code="a">AU@</subfield><subfield code="b">000022171618</subfield></datafield></record>